@Article{ Backus60,
  author = "John W. Backus and others",
  title = "{R}eport on the {A}lgorithmic {L}anguage {ALGOL} 60",
  journal = "\newline{Comunications of the {ACM}}",
  volume = "3",
  number = "5",
  year = "1960"
}
@article{ Lewis68,
 author = "Lewis,II, P. M. and Stearns, R. E.",
 title = "{S}yntax-{D}irected {T}ransduction",
 journal = "\newline{{J}ournal of the {ACM}}",
 issue_date = {July 1968},
 volume = {15},
 number = {3},
 month = jul,
 year = "1968",
 pages = {465--488},
 numpages = {24},
 publisher = {ACM},
 url = {http://doi.acm.org/10.1145/321466.321477},
 doi = {10.1145/321466.321477}
} 
@Article{ Parnas72,
  author = "David L. Parnas",
  title = "On the {C}riteria to be {U}sed in {D}ecomposing {S}ystems into {M}odules",
  journal = "\newline{Comunications of the {ACM}}",
  volume = "15",
  number = "12",
  year = "1972"
}
@Article{ Saltzer74,
  author = "Jerome H. Saltzer",
  title = "{T}he {P}rotection of {I}nformation in {C}omputer {S}ystems",
  journal = "\newline{Comunications of the {ACM}}",
  volume = "17",
  number = "7",
  year = "1974"
}
@Book{ JW74,
  author = "Kathleen Jensen and Niklaus Wirth",
  title = "{PASCAL} {U}ser {M}anual and {R}eport",
  publisher = "\newline{Springer, Heidelberg}",
  year = "1974",
  edition = "2nd"
}
@unpublished{ Dijkstra78,
  author = "Edsger W. Dijkstra",
  title = "On the {GREEN} {L}anguage submitted to the {DoD}",
  note = "\newline{E.W.Dijkstra Archive, originally circulated privately}",
  year = "1978",
  url = "http://www.cs.utexas.edu/users/EWD/ewd06xx/EWD660.PDF"
}
@TechReport{ Wirth78,
  author = "Niklaus Wirth",
  title = "MODULA-2",
  institution = "{ETH} Z{\"u}rich",
  year = "1978"
}
@Book{ Wirth83,
  author = "Niklaus Wirth",
  title = "{P}rogramming in {M}odula-2",
  publisher = "Springer, Heidelberg",
  year = "1983",
  edition = "2nd"
}
@Book{ Wirth85,
  author = "Niklaus Wirth",
  title = "{P}rogramming in {M}odula-2",
  publisher = "Springer, Heidelberg",
  year = "1985",
  edition = "3rd"
}
@Book{ Wirth88,
  author = "Niklaus Wirth",
  title = "{P}rogramming in {M}odula-2",
  publisher = "Springer, Heidelberg",
  year = "1988",
  edition = "4th"
}
@Book{ Geoffrey87,
  author = "James Geoffrey",
  title = "{T}he {T}ao of {P}rogramming",
  publisher = "{I}nfo{B}ooks",
  year = "1987"
}
@Article{ Knuth84,
  author = "Donald E. Knuth",
  title = "{L}iterate {P}rogramming",
  journal = "{T}he {C}omputer {J}ournal",
  publisher = "British Computer Society",
  volume = "27",
  number = "2",
  year = "1984",
  url = "https://doi.org/10.1093/comjnl/27.2.97"
}
@Manual{ ACK,
  author = "Ceriel J.H. Jacobs",
  title = "{T}he {ACK} {M}odula-2 {C}ompiler",
  organisation = "{F}ree {U}niversity of {A}msterdam",
  year = "1985",
  url = "https://github.com/davidgiven/ack/blob/default/doc/m2ref.doc"
}
@TechReport{ ANSI-C,
  author = "ANSI X.3",
  title = "{A}merican {N}ational {S}tandard {P}rogramming {L}anguage {C},
    {ANSI} X3.159-1989",
  type = "\newline{National Standard}",
  number ="X3.159-1989",
  institution = "American National Standards Institute",
  year = "1989"
}
@TechReport{ ISO-C,
  author = "ISO/IEC JTC1/SC22/WG14",
  title = "{Information Technology} -- {Programming Languages} -- {C}",
  type = "\newline{International Standard}",
  number = "9899:1990",
  institution = "ISO/IEC",
  year = "1990"
}
@Manual{ MOCKA,
  author = "Emmelmann, H. and Vollmer, J.",
  title = "{GMD} {M}odula-2 {S}ystem {MOCKA} {U}ser {M}anual",
  organisation = "{U}niversity of {K}arlsruhe",
  year = "1994"
}
@TechReport{ Wirth90,
  author = "Niklaus Wirth",
  title = "{O}beron {L}anguage {R}eport",
  institution = "{ETH} Z{\"u}rich",
  year = "1990",
  url = "http://www.ethoberon.ethz.ch/oreport.html"
}
@inproceedings{ Wirth93,
  author= "Niklaus Wirth",
  title= "{R}ecollections about the {D}evelopment of {P}ascal",
  booktitle = "HOPL Preprints",
  year = "1990"
}
@TechReport{ ISO96,
  author = "ISO/IEC JTC1/SC22/WG13",
  title = "{Information Technology} -- {Programming Languages} --
    \\{Part}~1: Modula-2, {Base Language}",
  type = "International Standard",
  number = "10514-1",
  institution = "ISO/IEC",
  year = "1996"
}
@inproceedings{ Moessenboeck00,
 author = {M\"{o}ssenb\"{o}ck, Hanspeter},
 title = "{C}ompiler {C}onstruction - {T}he {A}rt of {N}iklaus {W}irth",
 booktitle = {{T}he {S}chool of {N}iklaus {W}irth, "{T}he {A}rt of {S}implicity"},
 pages = {55--68},
 numpages = {14},
 acmid = {674973},
 publisher = {dpunkt/Morgan-Kaufmann},
 year = "2000"
} 
@Book{ Martin09,
  author =  "Robert C. Martin",
  title = "{Clean Code:} {A} {H}andbook of {A}gile {S}oftware {C}raftsmanship",
  publisher = "{\newline{Prentice~Hall}}",
  year = "2009"
}
